@ARTICLE{AC75,
  title = "Efficient string matching: an aid to bibliographic search",
  author = "Alfred V. Aho and Margaret J. Corasick",
  journal = "Communications of the ACM",
  volume = "18",
  number = "6",
  year = "1975",
  pages = "333--340"
}

@ARTICLE{BAEZA,
    author = {Ricardo Baeza-yates and Gonzalo Navarro},
    title = {Faster Approximate String Matching},
    journal = {Algorithmica},
    year = {1999},
    volume = {23},
    pages = {127--158}
}

@ARTICLE{BM,
 author = {Boyer, Robert S. and Moore, J. Strother},
 title = {A Fast String Searching Algorithm},
 journal = {Commun. ACM},
 issue_date = {Oct. 1977},
 volume = {20},
 number = {10},
 month = oct,
 year = {1977},
 issn = {0001-0782},
 pages = {762--772},
 numpages = {11},
 url = {http://doi.acm.org/10.1145/359842.359859},
 doi = {10.1145/359842.359859},
 acmid = {359859},
 publisher = {ACM},
 address = {New York, NY, USA},
 keywords = {bibliographic search, computational complexity, information retrieval, linear time bound, pattern matching, text editing},
} 


@misc{website:fasta,
      author = "NCBI",
      title = "FASTA",
      url = "http://www.ncbi.nlm.nih.gov/BLAST/blastcgihelp.shtml"
}

@book{GUS,
 author = {Gusfield, Dan},
 title = {Algorithms on Strings, Trees, and Sequences: Computer Science and Computational Biology},
 year = {1997},
 isbn = {0-521-58519-8},
 publisher = {Cambridge University Press},
 address = {New York, NY, USA}
}


@ARTICLE{KMP,
  title = "Fast pattern matching in strings",
  author = "Donald E. Knuth and J.H. Morris and Vaughan R. Pratt",
  journal = "SIAM Journal of Computing",
  volume = "6",
  number = "2",
  year = "1977",
  pages = "323--350"
}

@ARTICLE{MSW04,
    author = {Alvaro Martin and Gadiel Seroussi and Marcelo J. Weinberger},
    title = {Linear Time Universal Coding and Time Reversal of Tree Sources via FSM Closure},
    journal = {IEEE Trans. Inform. Theory},
    year = {2004},
    volume = {50},
    pages = {1442--1468}
}

@ARTICLE{PAT,
 author = {Morrison, Donald R.},
 title = {PATRICIA Practical Algorithm To Retrieve Information Coded in Alphanumeric},
 journal = {J. ACM},
 issue_date = {Oct. 1968},
 volume = {15},
 number = {4},
 month = oct,
 year = {1968},
 issn = {0004-5411},
 pages = {514--534},
 numpages = {21},
 url = {http://doi.acm.org/10.1145/321479.321481},
 doi = {10.1145/321479.321481},
 acmid = {321481},
 publisher = {ACM},
 address = {New York, NY, USA},
} 


@misc{website:iupac,
      author = "Nomenclature Committee of the International Union of Biochemistry",
      title = "Nomenclatura IUPAC",
      url = "http://www.chem.qmul.ac.uk/iubmb/misc/naseq.html#301"
} 

@ARTICLE{KARP,
 author = {Karp, Richard M. and Rabin, Michael O.},
 title = {Efficient Randomized Pattern-matching Algorithms},
 journal = {IBM J. Res. Dev.},
 issue_date = {March 1987},
 volume = {31},
 number = {2},
 month = mar,
 year = {1987},
 issn = {0018-8646},
 pages = {249--260},
 numpages = {12},
 url = {http://dx.doi.org/10.1147/rd.312.0249},
 doi = {10.1147/rd.312.0249},
 acmid = {1012171},
 publisher = {IBM Corp.},
 address = {Riverton, NJ, USA},
} 


@book{bruce07,
    author    = "Bruce Jacob Spencer W.NG David T.Wang",
    title     = "Memory Systems Cache, DRAM, Disk",
    year      = "2007",
    publisher = "Morgan Kaufmann; 1 edition"
}

@MISC{UK95,
    author = {Esko Ukkonen},
    title = {On-Line Construction of Suffix Trees},
    year = {1995}
}

@inproceedings{WEINER,
 author = {Weiner, Peter},
 title = {Linear Pattern Matching Algorithms},
 booktitle = {Proceedings of the 14th Annual Symposium on Switching and Automata Theory (Swat 1973)},
 series = {SWAT '73},
 year = {1973},
 pages = {1--11},
 numpages = {11},
 url = {http://dx.doi.org/10.1109/SWAT.1973.13},
 doi = {10.1109/SWAT.1973.13},
 acmid = {1441766},
 publisher = {IEEE Computer Society},
 address = {Washington, DC, USA},
}